@manual{meehau16eurusd,
  title={{EURUSD}-15m-2010-2016},
  author={Michal Januszewski},
  note={\url{https://www.kaggle.com/meehau/EURUSD/data}}
}

@manual{kimy07lstm,
  title={{EURUSD} 15 minute interval price prediction},
  author={Kim, Dave Y. and Elsaftawy, Mahmoud},
  note={\url{https://www.kaggle.com/kimy07/eurusd-15-minute-interval-price-prediction}}
}

@manual{quantstart,
title={Quantitative Trading},
author={Quark Gluon Ltd.},
note={\url{https://www.quantstart.com/articles/}}
}

@article{gers1999learning,
  title={Learning to forget: Continual prediction with {LSTM}},
  author={Gers, Felix A and Schmidhuber, J{\"u}rgen and Cummins, Fred},
  year={1999},
  publisher={IET}
}

@article{rumelhart1988learning,
  title={Learning representations by back-propagating errors},
  author={Rumelhart, David E and Hinton, Geoffrey E and Williams, Ronald J and others},
  journal={Cognitive modeling},
  volume={5},
  number={3},
  pages={1},
  year={1988}
}


@misc{Hochreiter:91,
  added-at = {2008-03-11T14:52:34.000+0100},
  author = {Hochreiter, S.},
  biburl = {https://www.bibsonomy.org/bibtex/21e476a44125e2b2b588d2fafbb5f69b0/idsia},
  citeulike-article-id = {2381309},
  comment = {See www7.informatik.tu-muenchen.de/\~{}hochreit; advisor: J. Schmidhuber},
  interhash = {c89e6c3623f880f8f4fbe62fd0d320ac},
  intrahash = {1e476a44125e2b2b588d2fafbb5f69b0},
  keywords = {juergen},
  priority = {2},
  timestamp = {2008-03-11T14:54:33.000+0100},
  title = {{Untersuchungen zu dynamischen neuronalen Netzen. Diploma thesis, Institut f\"{u}r Informatik, Lehrstuhl Prof. Brauer, Technische Universit\"{a}t M\"{u}nchen}},
  year = 1991
}

@book{GVK483463442,
  added-at = {2009-08-21T12:19:46.000+0200},
  address = {Hoboken, NJ},
  author = {Tsay, {Ruey S.}},
  biburl = {https://www.bibsonomy.org/bibtex/22d68774edae6dddaf309574aca02993e/fbw_hannover},
  edition = {2. ed.},
  interhash = {fcaca47ebae1dcb2150ff8d3e69c51b8},
  intrahash = {2d68774edae6dddaf309574aca02993e},
  isbn = {978-0-471-69074-0},
  keywords = {Econometrics Finanzierung Investition Kapitalmarktforschung Kreditmarkt Methoden_und_Techniken_der_Volkswirtschaft Portfolio-Management Risk_management Theorie Time-series_analysis Wertpapieranalyse Zeitreihenanalyse Ökonometrie Ökonometrisches_Modell},
  pagetotal = {XXI, 605},
  ppn_gvk = {483463442},
  publisher = {Wiley-Interscience},
  series = {Wiley series in probability and statistics},
  timestamp = {2009-08-21T12:19:56.000+0200},
  title = {Analysis of financial time series},
  url = {http://gso.gbv.de/DB=2.1/CMD?ACT=SRCHA&SRT=YOP&IKT=1016&TRM=ppn+483463442&sourceid=fbw_bibsonomy},
  year = 2005
}

